@Inbook{Fricke2003,
author="Fricke, Klaus",
editor="Palotas, Laszlo",
title="Digitaltechnik",
bookTitle="Elektronik f{\"u}r Ingenieure: Analoge und digitale integrierte Schaltungen",
year="2003",
publisher="Vieweg+Teubner Verlag",
address="Wiesbaden",
pages="379--409",
abstract="Die Digitaltechnik erzielt ihre Bedeutung aus der Beschr{\"a}nkung auf 2 Signalzust{\"a}nde. Man betrachtet nur die logischen Werte 0 und 1, die jeweils einem Spannungspegelbereich zugeordnet sind, der Low bzw. High genannt wird. Dies bezeichnet man als positive Logik. Die umgekehrte Zuordnung hei{\ss}t negative Logik.",
isbn="978-3-322-89920-0",
doi="10.1007/978-3-322-89920-0_7",
url="https://doi.org/10.1007/978-3-322-89920-0_7"
}

@Comment{jabref-meta: databaseType:bibtex;}
